<?xml version="1.0" encoding="UTF-8"?><collection xmlns="http://www.loc.gov/MARC21/slim"><record><leader>00370nam--2200121-i-4500</leader><controlfield tag="001">000014471</controlfield><controlfield tag="002">20161230</controlfield><controlfield tag="005">20161230201030</controlfield><controlfield tag="008">060222s1000------------r-----000-0-eng-d</controlfield><datafield ind1=" " ind2=" " tag="080"><subfield code="a">629.13:06.055(73)</subfield></datafield><datafield ind1=" " ind2=" " tag="245"><subfield code="a">Aeronautics and space report of the president 1980 activities</subfield></datafield><datafield ind1=" " ind2=" " tag="260"><subfield code="a">Washington, National Aeronautics And Space Administration, 1980. 103 P</subfield></datafield><datafield ind1=" " ind2=" " tag="852"><subfield code="a">71210</subfield></datafield></record></collection>